@book{Allen94,
	author = {Allen Newell},
	isbn = {067492101-1},
	keywords = {cognition book allen},
	publisher = {Harvard University Press},
	title = {Unified Theories of Cognition},
	year = {1994}
}