@MasterThesis{TesiEnr,
	title={\emph{Robotica cognitiva: aspetti percettivi e cognitivi nella navigazione con punti cospicui}}, 
	author={Enrico Rizzardi},
   school={Universit\`a degli Studi di Brescia},
   type={Tesi di laurea Specialistica},
   year={2011/2012},
}

@misc{r8Cspace,
  title="Project R8 -[CSPACE]",
  note={\url{http://www.sfbtr8.spatial-cognition.de/R8}}
}

@book{legrenzi2005prima,
  title={Prima lezione di scienze cognitive},
  author={Legrenzi, P.},
  isbn={9788842065746},
  series={Universale Laterza. Prime lezioni},
  url={http://books.google.it/books?id=-6NRPQAACAAJ},
  year={2005},
  publisher={Laterza}
}

@manual{scrumEnglishGuide,
  title={Scrum Guide 2011},
  author={Dan Bothell},
  note={\url{www.scrum.org/Scrum-Guides}}
}

@misc{SWIGDoc,
  title="SWIG Documentation Page",
  note={\url{www.swig.org/Doc1.3/Lisp.html}}
}



@book{bradski2008learning,
  title={Learning OpenCV: Computer Vision with the OpenCV Library},
  author={Bradski, G. and Kaehler, A.},
  isbn={9780596554040},
  url={books.google.it/books?id=seAgiOfu2EIC},
  year={2008},
  publisher={O'Reilly Media}
}

@book{forsyth2011computer,
  title={Computer Vision: A Modern Approach},
  author={Forsyth, D.A. and Ponce, J.},
  isbn={9780136085928},
  lccn={2011036341},
  url={books.google.de/books?id=gM63QQAACAAJ},
  year={2011},
  publisher={Pearson}
}

@book{faugeras1993three,
  title={Three-Dimensional Computer Vision: A Geometric Viewpoint},
  author={Faugeras, O.},
  isbn={9780262061582},
  lccn={93009126},
  series={Artificial Intelligence Series},
  url={books.google.de/books?id=Aa6TTW9dWy0C},
  year={1993},
  publisher={Mit Press}
}

@book{hartley2003multiple,
  title={Multiple View Geometry in Computer Vision},
  author={Hartley, R. and Zisserman, A.},
  isbn={9780521540513},
  lccn={2004557531},
  series={Cambridge books online},
  url={books.google.de/books?id=si3R3Pfa98QC},
  year={2003},
  publisher={Cambridge University Press}
}

@book{trucco1998introductory,
  title={Introductory Techniques for 3-D Computer Vision},
  author={Trucco, E. and Verri, A.},
  isbn={9780132611084},
  lccn={98172798},
  url={books.google.de/books?id=jfAeAQAAIAAJ},
  year={1998},
  publisher={Prentice Hall}
}


@article{Anderson04anintegrated,
    title={\textit{An integrated theory of the mind}},	
    author={John R. Anderson and Daniel Bothell and Michael D. Byrne and Scott Douglass and Christian Lebiere and Yulin Qin},    
    journal={\emph{PSYCHOLOGICAL REVIEW}},
    year={2004},
    volume={111},
    pages={1036--1060}
}


@book{newell1994unified,
  title={Unified Theories of Cognition},
  author={Newell, A.},
  isbn={9780674921016},
  lccn={90033423},
  series={The William James Lectures},
  url={books.google.de/books?id=1lbY14DmV2cC},
  year={1994},
  publisher={Harvard University Press}
}


@book{anderson1993rules,
  title={Rules of the Mind with Mac Dis},
  author={Anderson, J.R.},
  isbn={9780805812008},
  lccn={93003217},
  url={books.google.de/books?id=xYvLraxYTZoC},
  year={1993},
  publisher={Taylor \& Francis Group}
}

@manual{actr6refman,
  title={ACT-R 6 Reference Manual},
  author={Dan Bothell},
  note={\url{http://act-r.psy.cmu.edu/actr6/reference-manual.pdf}}
}


@book{anderson1976language,
  title={Language Memory Thought},
  author={Anderson, J.R.},
  isbn={9780898591071},
  lccn={76021791},
  series={The Experimental Psychology Series/ Arthur W. Melton consulting ed},
  url={books.google.de/books?id=4t5TGalHnfwC},
  year={1976},
  publisher={Taylor \& Francis Group}
}


@book{baddeley2009memory,
  title={Memory},
  author={Baddeley, A.D. and Eysenck, M.W. and Anderson, M.C. and Anderson, M.},
  isbn={9781848720015},
  lccn={2008034234},
  url={books.google.de/books?id=3x-BPQAACAAJ},
  year={2009},
  publisher={Taylor \& Francis Group}
}


@book{Sears2012,
	author={Andrew Sears},
	isbn={0805844686},
	publisher={Lawrence Erlbaum},
	title={The Human-Computer Interaction Handbook: Fundamentals, Evolving Technologies and Emerging Applications 	},
	year={2002},
	pages={97-117}
}


@Misc{OpenCV:MainWebPage,
	title="OpenCV Web Page",
	year="2012",
	note={\url{opencv.willowgarage.com}}
}


@misc{OpenCV:ChangeLogs,
	title="OpenCV Change Logs",
	year="2012",
	note={\url{opencv.willowgarage.com/wiki/OpenCV}}
}

@techreport{Agam2006,	
	title={\emph{Introduction to programming with OpenCV}},
	author={Gady Agam},	
	year={2006},
	note={\url{www.cs.iit.edu/~agam/cs512/lect-notes/opencv-intro/opencv-intro.html}}
}




@book{laganiere2011opencv,
  title={OpenCV 2 Computer Vision Application Programming Cookbook},
  author={Lagani{\`e}re, R.},
  isbn={9781849513258},
  url={books.google.de/books?id=OC7jc8zWjlkC},
  year={2011},
  publisher={Packt Publishing, Limited}
}


@misc{OpenCVDoc,
	title="OpenCV Documentation Page",
	year="2012",
	note={\url{docs.opencv.org}}
}


